@inproceedings{inproceedings,
author = {Varshney, Akash and Katiyar, Abhay and Singh, Aman and Chauhan, Surendra},
year = {2021},
month = {06},
pages = {1-5},
title = {Dog Breed Classification Using Deep Learning},
doi = {10.1109/CONIT51480.2021.9498338}
}

@article{borwarnginn2021knowing,
  author    = {P. Borwarnginn and W. Kusakunniran and S. Karnjanapreechakorn and K. Thongkanchorn},
  title     = {Knowing your dog breed: Identifying a dog breed with deep learning},
  journal   = {International Journal of Automation and Computing},
  volume    = {18},
  number    = {1},
  pages     = {45--54},
  month     = {Feb},
  year      = {2021},
  url       = {https://doi.org/10.1007/s11633-020-1261-0},
}

@inproceedings{raduly2018dog,
  author    = {Z. Ráduly and C. Sulyok and Z. Vadászi and A. Zölde},
  title     = {Dog breed identification using deep learning},
  booktitle = {2018 IEEE 16th International Symposium on Intelligent Systems and Informatics (SISY)},
  year      = {2018},
  pages     = {000271--000276},
  publisher = {IEEE},
}
@unknown{unknown,
author = {Jiao, Licheng and Zhang, Fan and Liu, Fang and Yang, Shuyuan and Li, Lingling and Feng, Zhixi and Qu, Rong},
year = {2019},
month = {07},
pages = {},
title = {A Survey of Deep Learning-based Object Detection},
doi = {10.48550/arXiv.1907.09408}
}